@book{bishop,
  title={Pattern Recognition and Machine Learning},
  author={Christopher M. Bishop},
  year={2006}
}


@misc{polynomials,
title={Polynomials},
author={Victor V. Prasolov},
note= {Springer},
 year={2009}
 }