@article{MachineLearningPredicts,
author = {Rouet-Leduc, Bertrand and L. Hulbert, Claudia and Lubbers, Nicholas and M. Barros, Kipton and Humphreys, Colin and A. Johnson, Paul},
year = {2017},
month = {02},
pages = {},
title = {Machine Learning Predicts Laboratory Earthquakes},
volume = {44},
journal = {Geophysical Research Letters},
doi = {10.1002/2017gl074677}
}

@article{XGBoostPaper,
author = {Rouet-Leduc, Bertrand and Hulbert, Claudia and C. Bolton, David and Ren, Christopher and Rivière, Jacques and Marone, Chris and Guyer, Robert and A. Johnson, Paul},
year = {2018},
month = {01},
pages = {},
title = {Estimating Fault Friction From Seismic Signals in the Laboratory},
volume = {45},
journal = {Geophysical Research Letters},
doi = {10.1002/2017gl076708}
}

@misc{Competition,
  title = {Kaggle competition on earthquake prediction},
  howpublished = {\url{https://www.kaggle.com/c/LANL-Earthquake-Prediction}},
  note = {Accessed: 2019-05-19}
}

@misc{Kernel,
  title = {Statistical features kernel},
  howpublished = {\url{https://www.kaggle.com/artgor/even-more-features}},
  note = {Accessed: 2019-04-27}
}

@book{wavelet,
author = {Mallat, St{\'e}phane},
year = {2009},
month = {01},
pages = {},
title = {A Wavelet Tour of Signal Processing: The Sparse Way},
volume = {xx}
}

@inproceedings{xgboost,
author = {Chen, Tianqi and Guestrin, Carlos},
year = {2016},
month = {08},
pages = {785-794},
title = {XGBoost: A Scalable Tree Boosting System},
doi = {10.1145/2939672.2939785}
}

@article{lstm,
author = {Hochreiter, Sepp and Schmidhuber, Jürgen},
year = {1997},
month = {12},
pages = {1735-80},
title = {Long Short-term Memory},
volume = {9},
journal = {Neural computation},
doi = {10.1162/neco.1997.9.8.1735}
}

@article{karpathy,
  author    = {Andrej Karpathy and
               Justin Johnson and
               Fei{-}Fei Li},
  title     = {Visualizing and Understanding Recurrent Networks},
  journal   = {CoRR},
  volume    = {abs/1506.02078},
  year      = {2015},
  url       = {http://arxiv.org/abs/1506.02078},
  archivePrefix = {arXiv},
  eprint    = {1506.02078},
  timestamp = {Mon, 13 Aug 2018 16:46:44 +0200},
  biburl    = {https://dblp.org/rec/bib/journals/corr/KarpathyJL15},
  bibsource = {dblp computer science bibliography, https://dblp.org}
}